@book{jurafsky2020speech,
  title={Speech and Language Processing},
  author={Jurafsky, Daniel and Martin, James H},
  year={2020},
  publisher={Pearson}
}

@article{manning2014stanford,
  title={The Stanford CoreNLP Natural Language Processing Toolkit},
  author={Manning, Christopher D and Surdeanu, Mihai and Bauer, John and Finkel, Jenny and Bethard, Steven and McClosky, David},
  journal={Proceedings of 52nd annual meeting of the association for computational linguistics: system demonstrations},
  pages={55--60},
  year={2014}
}

@inproceedings{ratinov2009design,
  title={Design challenges and misconceptions in named entity recognition},
  author={Ratinov, Lev and Roth, Dan},
  booktitle={Proceedings of the Thirteenth Conference on Computational Natural Language Learning (CoNLL)},
  pages={147--155},
  year={2009}
}

@misc{online:McKinsey,
  title={How bots, algorithms, and artificial intelligence are reshaping the future of corporate support functions},
  author={McKinsey \& Company},
  url={https://www.mckinsey.com/capabilities/mckinsey-digital/our-insights/how-bots-algorithms-and-artificial-intelligence-are-reshaping-the-future-of-corporate-support-functions}
}

@misc{online:Gartner,
  title={Magic Quadrant for Enterprise Conversational AI Platforms},
  author={Gartner},
  url={https://www.gartner.com/en/documents/3983747/magic-quadrant-for-enterprise-conversational-ai-platforms}
}

@article{pang2008opinion,
  title={Opinion mining and sentiment analysis},
  author={Pang, Bo and Lee, Lillian},
  journal={Foundations and Trends in Information Retrieval},
  volume={2},
  number={1-2},
  pages={1--135},
  year={2008},
  publisher={Now Publishers Inc.}
}

@inproceedings{bahdanau2015neural,
  title={Neural Machine Translation by Jointly Learning to Align and Translate},
  author={Bahdanau, Dzmitry and Cho, Kyunghyun and Bengio, Yoshua},
  booktitle={Proceedings of the International Conference on Learning Representations (ICLR)},
  year={2015}
}

@article{hochreiter1997long,
  title={Long short-term memory},
  author={Hochreiter, Sepp and Schmidhuber, J{\"u}rgen},
  journal={Neural computation},
  volume={9},
  number={8},
  pages={1735--1780},
  year={1997},
  publisher={MIT Press}
}

@inproceedings{vaswani2017attention,
  title={Attention is all you need},
  author={Vaswani, Ashish and Shazeer, Noam and Parmar, Niki and Uszkoreit, Jakob and Jones, Llion and Gomez, Aidan N and Kaiser, Lukasz and Polosukhin, Illia},
  booktitle={Advances in neural information processing systems},
  pages={5998--6008},
  year={2017}
}

@article{devlin2019bert,
  title={BERT: Pre-training of Deep Bidirectional Transformers for Language Understanding},
  author={Devlin, Jacob and Chang, Ming-Wei and Lee, Kenton and Toutanova, Kristina},
  journal={arXiv preprint arXiv:1810.04805},
  year={2019}
}

@inproceedings{mikolov2013efficient,
  title={Efficient estimation of word representations in vector space},
  author={Mikolov, Tomas and Chen, Kai and Corrado, Greg and Dean, Jeffrey},
  booktitle={Proceedings of the International Conference on Learning Representations (ICLR)},
  year={2013}
}

@inproceedings{pennington2014glove,
  title={GloVe: Global Vectors for Word Representation},
  author={Pennington, Jeffrey and Socher, Richard and Manning, Christopher D},
  booktitle={Proceedings of the 2014 Conference on Empirical Methods in Natural Language Processing (EMNLP)},
  pages={1532--1543},
  year={2014}
}

@inproceedings{peters2018deep,
  title={Deep contextualized word representations},
  author={Peters, Matthew E and Neumann, Mark and Iyyer, Mohit and Gardner, Matt and Clark, Christopher and Lee, Kenton and Zettlemoyer, Luke},
  booktitle={Proceedings of the 2018 Conference of the North American Chapter of the Association for Computational Linguistics: Human Language Technologies, Volume 1 (Long Papers)},
  pages={2227--2237},
  year={2018}
}

@misc{ online:git,
  	author = {Git},
  	title = {\emph{Git}},
  	year = {2024},
  	howpublished = {\url{https://git-scm.com/}},
  	note = {Online; Accedido el 12-Abr-2024},
}

@misc{online:githubdesktop,
        title={GitHub Desktop},
        author={GitHub},
        howpublished = {\url{https://github.com/desktop}},
        note = {Online; Accedido el 12-Abr-2024},
  
}

@misc{ online:github,
  	author = {GitHub},
  	title = {\emph{GitHub}},
  	year = {2024},
  	howpublished = {\url{https://github.com/}},
  	note = {Online; Accedido el 12-Abr-2024},
}

@misc{ online:gitlab,
  	author = {GitLab},
  	title = {\emph{GitLab}},
  	year = {2024},
  	howpublished = {\url{https://about.gitlab.com/}},
  	note = {Online; Accedido el 12-Abr-2024},
}

@misc{ online:integrar_teams_github,
  	author = {microsoft-teams},
  	title = {\emph{Integrar GitHub con MS Teams}},
  	year = {2024},
  	howpublished = {\url{https://github.com/integrations/microsoft-teams}},
  	note = {Online; Accedido el 12-Abr-2024},
}

@misc{ online:vs_code,
  	author = {Microsoft},
  	title = {\emph{Visual Studio Code}},
  	year = {2024},
  	howpublished = {\url{https://code.visualstudio.com/}},
  	note = {Online; Accedido el 19-Abr-2024},
}

@misc{online:sublime,
      author = {Sublime HQ},
      title = {\emph{Sublime Text}},
      year = {2024},
      howpublished = {\url{https://www.sublimetext.com/}},
      note = {Online; Accedido el 19-Abr-2024},
}

@misc{ online:texmaker,
  	author = {Pascal Brachet},
  	title = {\emph{Texmaker}},
  	year = {2024},
  	howpublished = {\url{https://www.xm1math.net/texmaker/}},
  	note = {Online; Accedido el 20-Abr-2024},
}

@misc{online:overleaf,
  author = {Overleaf},
  title = {\emph{Overleaf}},
  year = {2024},
  howpublished = {\url{https://www.overleaf.com/}},
  note = {Online; Accedido el 20-Abr-2024},
}

@misc{ online:pylint,
  	author = {Logilab, Pylint},
  	title = {\emph{Pylint}},
  	year = {2024},
  	howpublished = {\url{https://www.pylint.org/}},
  	note = {Online; Accedido el 09-May-2024},
}

@misc{ online:flake8,
  	author = {Ian Stapleton Cordasco},
  	title = {\emph{Flake8}},
  	year = {2024},
  	howpublished = {\url{https://flake8.pycqa.org/en/latest/}},
  	note = {Online; Accedido el 09-May-2024},
}

@misc{ online:coverage,
  	author = {Ned Batchelder},
  	title = {\emph{Coverage}},
  	year = {2024},
  	howpublished = {\url{https://coverage.readthedocs.io/en/7.4.4/}},
  	note = {Online; Accedido el 09-May-2024},
}

@misc{ online:pytest_cov,
  	author = {pytest-cov contributors},
  	title = {\emph{Pytest-cov}},
  	year = {2024},
  	howpublished = {\url{https://pytest-cov.readthedocs.io/en/latest/readme.html}},
  	note = {Online; Accedido el 09-May-2024},
}

@misc{ wiki:html,
  	author = {Wikipedia},
  	title = {\emph{HTML}},
  	year = {2024},
  	howpublished = {\url{https://es.wikipedia.org/wiki/HTML}},
  	note = {Online; Accedido el 07-Jun-2024},
}

@misc{ wiki:css,
  	author = {Wikipedia},
  	title = {\emph{CSS}},
  	year = {2024},
  	howpublished = {\url{https://es.wikipedia.org/wiki/CSS}},
  	note = {Online; Accedido el 07-Jun-2024},
}

@misc{online:lex_lambda_c,
  title={An Amazon Lex based Interactive Virtual Assistant for C Programming},
  author={Saketh Reddy Regatte},
  url={https://www.researchgate.net/publication/360816231_An_Amazon_Lex_based_Interactive_Virtual_Assistant_for_C_Programming},
  note = {Online; Accedido el 22-Abr-2024},
}

@misc{online:github_textract,
  title={Extraction of conversational insights from invoices with Amazon Textract, Amazon Comprehend, and Amazon Lex},
  author={User on GitHub},
  url={https://github.com/textract-comprehend-lex},
  note = {Online; Accedido el 22-Abr-2024},
}

@misc{online:aws_docs,
  title={AWS Documentation},
  author={Amazon Web Services},
  url={https://docs.aws.amazon.com/},
  note = {Online; Accedido el 22-Abr-2024},
}

@misc{online:google_docs,
  title={Google Cloud Documentation},
  author={Google Cloud},
  url={https://cloud.google.com/docs},
  note = {Online; Accedido el 22-Abr-2024},
}

@misc{online:gcp_chatbot,
  title={How to create a chatbot with Dialogflow and Google Cloud Functions},
  author={Mattermost},
  url={https://mattermost.com/blog/mattermost-recipe-how-to-create-a-chatbot-with-dialogflow-and-google-cloud-functions/},
  note = {Online; Accedido el 22-Abr-2024},
}

@misc{google2024servicecomparison,
  author = {Google Cloud},
  title = {AWS, Azure y Google Cloud: Comparaci√≥n de servicios},
  year = {2024},
  url = {https://cloud.google.com/docs/get-started/aws-azure-gcp-service-comparison?hl=es-419},
  note = {Online; Accedido el 22-Abr-2024}
}

@article{ibm2020chatbots,
    author = {IBM},
    title = {How AI-Powered Chatbots Can Reduce Customer Service Costs},
    year = {2020},
    note = {\url{https://www.ibm.com/watson/ai-customer-service-smartpaper/#:~:text=IBM%20Watson%20Assistant%20brings%20the,agents%20that%20are%20available%2024x7.}}
}

@article{mckinsey2020automation,
    author = {McKinsey Global Institute},
    title = {The Future of Work: Automation, AI, and Digital Transformation},
    year = {2020},
    note = {\url{https://www.mckinsey.com/mgi/overview/in-the-news/automation-and-the-future-of-work}}
}

@article{deloitte2020predictive,
    author = {Deloitte},
    title = {Predictive Maintenance with AI: Reducing Costs and Increasing Asset Life},
    year = {2020},
    note = {\url{https://www2.deloitte.com/us/en/pages/consulting/articles/using-ai-in-predictive-maintenance.html}}
}

@article{bofa2020chatbots,
    author = {Bank of America},
    title = {Reducing Customer Service Costs with AI Chatbots},
    year = {2020},
    note = {\url{https://newsroom.bankofamerica.com/content/newsroom/press-releases/2022/10/bank-of-america-s-erica-tops-1-billion-client-interactions--now-.html}}
}

@article{sephora2020chatbot,
    author = {Sephora},
    title = {How Sephora is Transforming Customer Experience with AI Chatbots},
    year = {2020},
    note = {\url{https://www.cut-the-saas.com/ai/beauty-and-the-bot-how-sephora-reimagined-customer-experience-with-ai}}
}

@article{klm2020chatbot,
    author = {KLM Royal Dutch Airlines},
    title = {KLM's BlueBot Chatbot: Revolutionizing Customer Service with AI},
    year = {2020},
    note = {\url{https://www.altoros.com/blog/klm-handles-2x-more-customer-requests-with-artificial-intelligence/}}
}


@article{dominos2020chatbot,
    author = {Domino's Pizza},
    title = {Domino's AI Chatbot: Simplifying Pizza Ordering and Reducing Wait Times},
    year = {2020},
    note = {\url{https://messagemind.ai/case-studies/dominos/}}
}

@misc{awsamplify,
    author = {Amazon Web Services},
    title = {AWS Amplify},
    note = {\url{https://us-east-1.console.aws.amazon.com/amplify/apps}}
}

@misc{awsblog,
    author = {Amazon Web Services},
    title = {Deploy a Web UI for Your Chatbot},
    note = {\url{https://aws.amazon.com/es/blogs/machine-learning/deploy-a-web-ui-for-your-chatbot/}}
}

@misc{githubissue,
    author = {GitHub},
    title = {Issue 71: AWS Lex Web UI},
    note = {\url{https://github.com/aws-samples/aws-lex-web-ui/issues/71}}
}

@misc{kommunicate,
    author = {Kommunicate},
    title = {Amazon Lex Integration},
    note = {\url{https://www.kommunicate.io/product/amazon-lex-integration}}
}

@misc{cumulusvideo,
    author = {Cumulus Cycles},
    title = {Amazon Lex Deployment Video},
    year = {2020},
    note = {\url{https://www.youtube.com/watch?v=cI1NAjLE_I8&ab_channel=CumulusCycles}}
}
