@misc{ wiki:Scrum,
	author = {Wikipedia},
	title = {\emph{Scrum (desarrollo de software)}},
	year = {2024},
	howpublished = {\url{https://es.wikipedia.org/wiki/Scrum_(desarrollo_de_software)}},
	note = {Online; Accedido el 20-Abr-2024}
}
@misc{ online:git,
  	author = {Git},
  	title = {\emph{Git}},
  	year = {2024},
  	howpublished = {\url{https://git-scm.com/}},
  	note = {Online; Accedido el 20-Abr-2024},
}

@book{Palacio2022,
    author = {Marta Palacio},
    year = {2021},
    month = {06},
    pages = {80},
    title = {Scrum Master. Temario troncal 1.}
}

@book{costebeneficio2006, 
    place={Upper Saddle River, NJ}, 
    title={Cost-benefit analysis: Concepts and practice}, 
    publisher={Prentice Hall}, 
    author={Boardman, Anthony E. and Greenberg, David H. and Vining, Aidan R. and Weimar, David L.},
    year={2006}
} 

@misc{Jobted, 
    url={https://www.jobted.es/salario/programador}, 
    title={Jobted. Slario Programador}, 
    year = {2023},
    note={\url{https://www.jobted.es/salario/programador}}
} 

@misc{jornadalaboral,
    url={https://administracion.gob.es/pag_Home/Tu-espacio-europeo/derechos-obligaciones/ciudadanos/trabajo-jubilacion/condiciones-trabajo/jornada-permisos.html#-488e2841e18d}, title={Jornada laboral, permisos y vacaciones - Condiciones de trabajo, incluyendo trabajadores desplazados - Trabajo y jubilación - Ciudadanos - Tus derechos y obligaciones en la UE - Tu espacio europeo - Punto de Acceso General}, 
    note={\url{https://administracion.gob.es/pag_Home/Tu-espacio-europeo/derechos-obligaciones/ciudadanos/trabajo-jubilacion/condiciones-trabajo/jornada-permisos.html#-488e2841e18d}}
} 
@misc{PayScale, 
    url={https://www.payscale.com/research/ES/Job=Product_Owner/Salary}, title={PayScale. Product Owner Salary},
    note={\url{https://www.payscale.com/research/ES/Job=Product_Owner/Salary}}
} 

@misc{PayScale1, 
url={https://www.payscale.com/research/ES/Job=ScrumMaster/Salary}, title={PayScale. Scrum Manager Salary},
note={\url{https://www.payscale.com/research/ES/Job=ScrumMaster/Salary}}
} 

@misc{Cotización, 
title = {Seguridad Social: Cotización}, 
url={https://www.seg-social.es/wps/portal/wss/internet/Trabajadores/CotizacionRecaudacionTrabajadores/10721/10957/583}, 
journal={Seguridad Social: Cotización / Recaudación de Trabajadores},
note={\url{https://www.seg-social.es/wps/portal/wss/internet/Trabajadores/CotizacionRecaudacionTrabajadores/10721/10957/583}}
} 

@misc{AEAT, 
url={https://sede.agenciatributaria.gob.es/Sede/Retenciones.shtml}, title={Agencia Tributaria: Retenciones},
note={\url{https://sede.agenciatributaria.gob.es/Sede/Retenciones.shtml}}
} 

@misc{IRPF,  
title = {Agencia Tributaria: IRPF},
url={https://sede.agenciatributaria.gob.es/Sede/irpf.html}, 
journal={Agencia Tributaria: IRPF}, 
publisher={Gobierno de España},
note={\url{https://sede.agenciatributaria.gob.es/Sede/irpf.html}}
} 

@misc{ipyme, 
url={http://www.ipyme.org/es-ES/creaciondelaempresa/Paginas/Tramites.aspx}, 
title={Trámites para la puesta en marcha},
publisher={Gobierno de España},
note={\url{http://www.ipyme.org/es-ES/creaciondelaempresa/Paginas/Tramites.aspx}}
} 
@article{1998IEEESpecifications,
    title = {{IEEE Recommended Practice for Software Requirements Specifications}},
    year = {1998},
    journal = {IEEE Std 830-1998},
    number = {},
    pages = {1--40},
    volume = {},
    doi = {10.1109/IEEESTD.1998.88286},
    author = {Institute of Electrical and Electronics Engineers}
}